@article{rosenthal1979file,
  title={The file drawer problem and tolerance for null results.},
  author={Rosenthal, Robert},
  journal={Psychological bulletin},
  volume={86},
  number={3},
  pages={638},
  year={1979},
  publisher={American Psychological Association}
}

@article{macurdy2015effective,
  title={How effective is the minimum wage at supporting the poor?},
  author={MaCurdy, Thomas},
  journal={Journal of Political Economy},
  volume={123},
  number={2},
  pages={497--545},
  year={2015},
  publisher={University of Chicago Press Chicago, IL}
}


@article{harasztosi2015pays,
  title={Who Pays for the minimum Wage?},
  author={Harasztosi, P{\'e}ter and Lindner, Attila and Bank, Magyar Nemzeti and Berkeley, Hungary UC},
  journal={UC Berkeley},
  year={2015}
}

@article{greenstone2009toward,
  title={Toward a culture of persistent regulatory experimentation and evaluation},
  author={Greenstone, Michael},
  journal={New perspectives on regulation},
  volume={113},
  pages={114},
  year={2009},
  publisher={Cambridge, MA: The Tobin Project}
}

@article{stodden2016enhancing,
  title={Enhancing reproducibility for computational methods},
  author={Stodden, Victoria and McNutt, Marcia and Bailey, David H and Deelman, Ewa and Gil, Yolanda and Hanson, Brooks and Heroux, Michael A and Ioannidis, John PA and Taufer, Michela},
  journal={Science},
  volume={354},
  number={6317},
  pages={1240--1241},
  year={2016},
  publisher={American Association for the Advancement of Science}
}

@article{rising2014tool,
  title={A tool for distributed meta analysis},
  author={Rising, James A and Hsiang, Solomon M},
  year={2014}
}

@article{clemens2014minimum,
  title={The minimum wage and the great recession: Evidence of effects on the wage distributions, employment, earnings, and class mobility of low-skilled workers},
  author={Clemens, Jeffrey and Wither, Michael},
  journal={NBER Working paper},
  number={w20724},
  year={2014}
}

@article{clemens2015meaning,
  title={The meaning of failed replications: A review and proposal},
  author={Clemens, Michael A},
  journal={Journal of Economic Surveys},
  year={2015},
  publisher={Wiley Online Library}
}

@article{clemens2016new,
  title={The New Role for the World Bank},
  author={Clemens, Michael A and Kremer, Michael},
  journal={The Journal of Economic Perspectives},
  volume={30},
  number={1},
  pages={53--76},
  year={2016},
  publisher={American Economic Association}
}

@techreport{clemens2015minimum,
  title={The Minimum Wage and the Great Recession: Evidence from the Current Population Survey},
  author={Clemens, Jeffrey},
  year={2015},
  institution={National Bureau of Economic Research}
}

@article{dube2010minimum,
  title={Minimum wage effects across state borders: Estimates using contiguous counties},
  author={Dube, Arindrajit and Lester, T William and Reich, Michael},
  journal={The review of economics and statistics},
  volume={92},
  number={4},
  pages={945--964},
  year={2010},
  publisher={MIT Press}
}

@book{mullainathan2013scarcity,
  title={Scarcity: Why having too little means so much},
  author={Mullainathan, Sendhil and Shafir, Eldar},
  year={2013},
  publisher={Macmillan}
}

@article{christensen2015manual,
  title={Manual of best practices in transparent social science research},
  author={Christensen, Garret and Soderberg, Courtney},
  journal={Berkeley, CA: University of California. Retrieved April},
  volume={23},
  pages={2016},
  year={2015}, 
}

@misc{DouglasE16:online,
author = {{Harvard Magazine}},
title = {Douglas Elmendorf on progressive policy and economics | Harvard Magazine},
howpublished = {\url{http://harvardmagazine.com/2016/09/a-moral-conscience-for-economics}},
month = {September},
year = {2016},
note = {(Accessed on 04/19/2017)}
}

@techreport{shah2015evaluations,
  title={Evaluations with impact: decision-focused impact evaluation as a practical policymaking tool},
  author={Shah, Neil Buddy and Wang, Paul and Fraker, Andrew and Gastfriend, Daniel},
  year={2015},
  institution={3ie Working Paper}
}

@article{hsiang2013quantifying,
  title={Quantifying the influence of climate on human conflict},
  author={Hsiang, Solomon M and Burke, Marshall and Miguel, Edward},
  journal={Science},
  volume={341},
  number={6151},
  pages={1235367},
  year={2013},
  publisher={American Association for the Advancement of Science}
}

@misc{card2016interview,
author = {Card, David and Krueger, Alan},
title = {Interview with Card and Krueger},
howpublished = {\url{http://davidcard.berkeley.edu/interviews/interview%20with%20Card%20and%20Krueger.pdf}},
month = {April},
year = {2016},
note = {(Accessed on 10/26/2016)}
}


@article{leamer1983let,
  title={Let's take the con out of econometrics},
  author={Leamer, Edward E},
  journal={The American Economic Review},
  volume={73},
  number={1},
  pages={31--43},
  year={1983},
  publisher={JSTOR}
}

@article{abbasi2014missing,
  title={The missing data that cost \$20 bn},
  author={Abbasi, Kamran},
  journal={BmJ},
  volume={348},
  pages={g2695},
  year={2014},
  publisher={BMJ Publishing Group Ltd}
}
@article{ioannidis2005most,
  title={ Why most published research findings are false}, 
  author={Ioannidis, John PA},
  journal={PLoS Med},
  volume={2},
  number={8},
  pages={e124},
  year={2005},
  publisher={Public Library of Science}
}

@article{obama2009transparency,
  title={Transparency and open government},
  author={Obama, Barack},
  journal={Memorandum for the heads of executive departments and agencies},
  year={2009}
}

@misc{krueger2016,
author = {{Alan Krueger}},
journal = {Washington Center for Equitable Growth},
title = {Book Discussion on Myth \& Measuermentâ€”The New Economics of the Minimum Wage},
howpublished = {\url{https://youtu.be/t7478gw7Qw8?t=41m}},
year = {2016}
}

@misc{sunstein2016,
author = {{Cass Sunstein}},
journal = {Conversations With Tyler},
title = {A Conversation with Cass Sunstein},
howpublished = {\url{https://youtu.be/uNX4ywuWqRE?t=46m28s}},
year = {2016}
}

@misc{Furman2017,
author = {{Jason Furman}},
journal = {2017 AEA Annual Meeting},
title = {Economic Issues Facing the New President (Panel Discussion)},
howpublished = {\url{https://www.aeaweb.org/webcasts/2017/president.php}},
pages={1hr25min},
year = {2017}
}


Furman https://www.aeaweb.org/webcasts/2017/president.php  1h 25min

@article{wesselink2013technical,
  title={Technical knowledge, discursive spaces and politics at the science--policy interface},
  author={Wesselink, Anna and Buchanan, Karen S and Georgiadou, Yola and Turnhout, Esther},
  journal={Environmental Science \& Policy},
  volume={30},
  pages={1--9},
  year={2013},
  publisher={Elsevier}
}

@book{mas1995microeconomic,
  title={Microeconomic theory},
  author={Mas-Colell, Andreu and Whinston, Michael Dennis and Green, Jerry R and others},
  volume={1},
  year={1995},
  publisher={Oxford university press New York}
}


@misc{hewlett1962new,
  title={The New World, 1939/1946: A History of the United States Atomic Energy Commission, Vol. 1. University Park},
  author={Hewlett, Richard G and Anderson, Oscar E},
  year={1962},
  publisher={PA: Pennsylvania State University Press}
}

@article{doberstein2016whom,
  title={Whom Do Bureaucrats Believe? A Randomized Controlled Experiment Testing Perceptions of Credibility of Policy Research},
  author={Doberstein, Carey},
  journal={Policy Studies Journal},
  year={2016},
  publisher={Wiley Online Library}
}

@book{dunn2015public,
  title={Public policy analysis},
  author={Dunn, William N},
  year={2015},
  publisher={Routledge}
}

@book{casestudies2017,
  title={The Practice of Reproducible Research: Case Studies and Lessons from the Data-Intensive Sciences},
  author={{Kitzes, J., Turek, D., and Deniz, F. (Eds.)}},
  year={2017},
  publisher={University of California Press.}
}

@article{hsiang2013quantifying,
  title={Quantifying the influence of climate on human conflict},
  author={Hsiang, Solomon M and Burke, Marshall and Miguel, Edward},
  journal={Science},
  volume={341},
  number={6151},
  pages={1235367},
  year={2013},
  publisher={American Association for the Advancement of Science}
}



@book{williams1971social,
  title={Social Policy Research and Analysis: The Experience in the Federal Social Agencies},
  author={Williams, Walter},
  year={1971},
  publisher={American Elsevier Publishing Company}
}

@book{weimer2015policy,
  title={Policy analysis: Concepts and practice},
  author={Weimer, David L and Vining, Aidan R},
  year={2015},
  publisher={Routledge}
}

@book{manski2009identification,
  title={Identification for prediction and decision},
  author={Manski, Charles F},
  year={2009},
  publisher={Harvard University Press}
}

@book{manski2013public,
  title={ Public policy in an uncertain world: analysis and decisions},
  author={Manski, Charles F},
  year={2013},
  publisher={Harvard University Press}
}


@article{brown1999minimum,
  title={Minimum wages, employment, and the distribution of income},
  author={Brown, Charles},
  journal={Handbook of labor economics},
  volume={3},
  pages={2101--2163},
  year={1999},
  publisher={Elsevier}
}

@book{cooper2009handbook,
  title={The handbook of research synthesis and meta-analysis},
  author={Cooper, Harris and Hedges, Larry V and Valentine, Jeffrey C},
  year={2009},
  publisher={Russell Sage Foundation}
}

@techreport{montazerhodjat2015fda,
  title={Is the FDA Too Conservative or Too Aggressive?: A Bayesian Decision Analysis of Clinical Trial Design},
  author={Montazerhodjat, Vahid and Lo, Andrew W},
  year={2015},
  institution={National Bureau of Economic Research}
}

@article{peng2011reproducible,
  title={ Reproducible research in computational science},
  author={Peng, Roger D},
  journal={Science (New York, Ny)},
  volume={334},
  number={6060},
  pages={1226},
  year={2011},
  publisher={NIH Public Access}
}




@book{card2015myth,
  title={Myth and measurement},
  author={Card, David and Krueger, Alan B},
  year={2015},
  publisher={Princeton University Pres}
}

@article{card1995time,
  title={Time-series minimum-wage studies: a meta-analysis},
  author={Card, David and Krueger, Alan B},
  journal={The American Economic Review},
  volume={85},
  number={2},
  pages={238--243},
  year={1995},
  publisher={JSTOR}
}
@techreport{feenberg2015s,
  title={It's Good to be First: Order Bias in Reading and Citing NBER Working Papers},
  author={Feenberg, Daniel R and Ganguli, Ina and Gaule, Patrick and Gruber, Jonathan},
  year={2015},
  institution={National Bureau of Economic Research}
}

@incollection{rosenbaum2002observational,
  title={Observational studies},
  author={Rosenbaum, Paul R},
  booktitle={Observational Studies},
  pages={1--17},
  year={2002},
  publisher={Springer}
}
@techreport{azoulay2015does,
  title={Does science advance one funeral at a time?},
  author={Azoulay, Pierre and Fons-Rosen, Christian and Zivin, Joshua S Graff},
  year={2015},
  institution={National Bureau of Economic Research}
}


@book{neumark2008minimum,
  title={Minimum wages},
  author={Neumark, David and Wascher, William L},
  year={2008},
  publisher={MIT Press}
}

@book{gawande2010checklist,
  title={Checklist Manifesto, The (HB)},
  author={Gawande, Atul},
  year={2010},
  publisher={Penguin Books India}
}

@book{buckheit1995wavelab,
  title={Wavelab and reproducible research},
  author={Buckheit, Jonathan B and Donoho, David L},
  year={1995},
  publisher={Springer}
}


@article{baker20161,
  title={1,500 scientists lift the lid on reproducibility},
  author={Baker, Monya},
  journal={Nature},
  volume={533},
  number={7604},
  pages={452--454},
  year={2016}
}


@article{stodden2014computational,
  title={What computational scientists need to know about intellectual property law: A primer},
  author={Stodden, Victoria},
  journal={Implementing reproducible research. CRC Press, Boca Raton, FL},
  pages={325--339},
  year={2014}
}

@article{neumark2014revisiting,
  title={Revisiting the Minimum Wage--Employment Debate: Throwing Out the Baby with the Bathwater?},
  author={Neumark, David and Salas, JM Ian and Wascher, William},
  journal={Industrial \& Labor Relations Review},
  volume={67},
  number={3 suppl},
  pages={608--648},
  year={2014},
  publisher={SAGE Publications}
}

@article{simmons2011false,
  title={False-positive psychology: Undisclosed flexibility in data collection and analysis allows presenting anything as significant},
  author={Simmons, Joseph P and Nelson, Leif D and Simonsohn, Uri},
  journal={Psychological science},
  volume={22},
  number={11},
  pages={1359--1366},
  year={2011},
  publisher={Sage Publications Sage CA: Los Angeles, CA}
}



@misc{TheRealA71:online,
author = {Holtz-Eakin, D.},
title = {The Real Arithmetic of Health Care Reform - The New York Times},
howpublished = {\url{http://www.nytimes.com/2010/03/21/opinion/21holtz-eakin.html}},
month = {March},
year = {2010},
note = {(Accessed on 05/08/2017)}
}

@misc{HR487260:online,
author = {{US Congressional Budget Office}},
title = {Letter to the Honorable Nancy Pelosi, Speaker, U.S. House of Representatives. H.R. 4872},
howpublished = {\url{https://www.cbo.gov/sites/default/files/hr4872_0.pdf}},
month = {March},
year = {2010},
note = {(Accessed on 05/08/2017)}
}

@misc{ScalingK27:online,
author = {Sharma, Chetan  and Overgoor, Jan},
title = {Scaling Knowledge at Airbnb â€“ Airbnb Engineering \& Data Science â€“ Medium},
howpublished = {\url{https://tinyurl.com/know6v7
}},
month = {},
year = {2017},
note = {(Accessed on 03/22/2017)}
}


@book{sunstein2014simpler,
  title={Simpler: The future of government},
  author={Sunstein, Cass R},
  year={2014},
  publisher={Simon and Schuster}
}

@article{simonsohn2014p,
  title={ P-curve: A key to the file-drawer.},
  author={Simonsohn, Uri and Nelson, Leif D and Simmons, Joseph P},
  journal={Journal of Experimental Psychology: General},
  volume={143},
  number={2},
  pages={534},
  year={2014},
  publisher={American Psychological Association}
}

@article{jager2013estimate,
  title={An estimate of the science-wise false discovery rate and application to the top medical literature},
  author={Jager, Leah R and Leek, Jeffrey T},
  journal={Biostatistics},
  pages={kxt007},
  year={2013},
  publisher={Biometrika Trust}
}

@article{miguel2015comment,
  title={Comment on Macartan Humphreys' and Other Recent Discussions of the Miguel and Kremer (2004) Study},
  author={Miguel, Edward and Kremer, Michael and Hamory Hicks, Joan},
  year={2015}
}

@article{anderson2007normative,
  title={Normative dissonance in science: Results from a national survey of US scientists},
  author={Anderson, Melissa S and Martinson, Brian C and De Vries, Raymond},
  journal={Journal of Empirical Research on Human Research Ethics},
  volume={2},
  number={4},
  pages={3--14},
  year={2007},
  publisher={SAGE Publications}
}

@book{merton1973sociology,
  title={The sociology of science: Theoretical and empirical investigations},
  author={Merton, Robert K},
  year={1973},
  publisher={University of Chicago press}, 
  pages = {267--278}  
}

@article{goodman2016does,
  title={What does research reproducibility mean?},
  author={Goodman, Steven N and Fanelli, Daniele and Ioannidis, John PA},
  journal={Science translational medicine},
  volume={8},
  number={341},
  pages={341ps12--341ps12},
  year={2016},
  publisher={American Association for the Advancement of Science}
}


@article{camerer2016evaluating,
  title={Evaluating replicability of laboratory experiments in economics},
  author={Camerer, Colin F and Dreber, Anna and Forsell, Eskil and Ho, Teck-Hua and Huber, J{\"u}rgen and Johannesson, Magnus and Kirchler, Michael and Almenberg, Johan and Altmejd, Adam and Chan, Taizan and others},
  journal={Science},
  volume={351},
  number={6280},
  pages={1433--1436},
  year={2016},
  publisher={American Association for the Advancement of Science}
}

@article{miguel2014promoting,
  title={Promoting transparency in social science research},
  author={Miguel, Edward and Camerer, Colin and Casey, Katherine and Cohen, Joshua and Esterling, Kevin M and Gerber, Alan and Glennerster, Rachel and Green, Don P and Humphreys, Macartan and Imbens, Guido and others},
  journal={Science},
  volume={343},
  number={6166},
  pages={30--31},
  year={2014},
  publisher={American Association for the Advancement of Science}
}

@article{chang2015economics,
  title={Is Economics Research Replicable? Sixty Published Papers from Thirteen Journals Say'Usually Not'},
  author={Chang, Andrew C and Li, Phillip},
  year={2015},
  publisher={FEDS Working Paper}
}

@article{lord1979biased,
  title={ Biased assimilation and attitude polarization: The effects of prior theories on subsequently considered evidence.},
  author={Lord, Charles G and Ross, Lee and Lepper, Mark R},
  journal={Journal of personality and social psychology},
  volume={37},
  number={11},
  pages={2098},
  year={1979},
  publisher={American Psychological Association}
}

@article{open2015estimating,
  title={Estimating the reproducibility of psychological science},
  author={Open Science Collaboration and others},
  journal={Science},
  volume={349},
  number={6251},
  pages={aac4716},
  year={2015},
  publisher={American Association for the Advancement of Science}
}

@book{nutley2007using,
  title={Using evidence: How research can inform public services},
  author={Nutley, Sandra M and Walter, Isabel and Davies, Huw TO},
  year={2007},
  publisher={Policy press}
}

@book{kahneman2011thinking,
  title={Thinking, fast and slow},
  author={Kahneman, Daniel},
  year={2011},
  publisher={Macmillan}
}

@misc{PewPolit,
author = {{Pew Research Center}},
title = {Political Polarization in the American Public},
howpublished = {\url{http://www.people-press.org/2014/06/12/political-polarization-in-the-american-public/}},
year = {2014},
note = {(Visited on 02/12/2016)}
}

@book{gelman2014bayesian,
  title={Bayesian data analysis},
  author={Gelman, Andrew and Carlin, John B and Stern, Hal S and Rubin, Donald B},
  volume={2},
  year={2014},
  publisher={Taylor \& Francis}
}


@book{xie2015dynamic,
  title={Dynamic Documents with R and knitr},
  author={Xie, Yihui},
  volume={29},
  year={2015},
  publisher={CRC Press}
}


@misc{whitehousepro,
journal={White paper},
author={{White House}},
title = {Congressional Budget Office Report Finds Minimum Wage Lifts Wages for 16.5 Million Workers | whitehouse.gov},
howpublished = {\url{http://tinyurl.com/kkd8fcu}},
month = {February},
year = {2014},
note = {(Accessed on 10/31/2016)}
}




@misc{economistagainst,
author = {Smith, V and Prescott, E, and Fama, E and 497+},
title = {Economist Letter Against Raising the Minimum Wage},
howpublished = {\url{http://tinyurl.com/kx3xphr}},
month = {March},
year = {2014},
note = {(Accessed on 10/31/2016)}
}

@article{nosek2015promoting,
  title={Promoting an open research culture: Author guidelines for journals could help to promote transparency, openness, and reproducibility},
  author={Nosek, BA and Alter, G and Banks, GC and Borsboom, D and Bowman, SD and Breckler, SJ and Buck, S and Chambers, CD and Chin, G and Christensen, G and others},
  journal={Science (New York, NY)},
  volume={348},
  number={6242},
  pages={1422},
  year={2015},
  publisher={NIH Public Access}
}

@book{beynon2012difference,
  title={What difference does a policy brief make?},
  author={Beynon, Penny and Chapoy, Christelle and Gaarder, Marie and Masset, Edoardo},
  year={2012},
  publisher={Institute of Development Studies and 3ie}
}

@article{order2013executive,
  title={Executive order--making open and machine readable the new default for government information},
  journal={White paper},
  author={{White House}},
  year={2013}
}
@inproceedings{gray2014towards,
  title={Towards a Genealogy of Open Data},
  author={Gray, Jonathan},
  booktitle={The paper was given at the General Conference of the European Consortium for Political Research in Glasgow},
  year={2014}
}

@article{vivalt2015much,
  title={How much can we generalize from impact evaluations},
  author={Vivalt, Eva},
  journal={Unpublished manuscript},
  year={2015}
}

@article{hassan2009value,
  title={Value-of-Information Analysis to Guide Future Research in Colorectal Cancer Screening 1},
  author={Hassan, Cesare and Hunink, MG Myriam and Laghi, Andrea and Pickhardt, Perry J and Zullo, Angelo and Kim, David H and Iafrate, Franco and Di Giulio, Emilio},
  journal={Radiology},
  volume={253},
  number={3},
  pages={745--752},
  year={2009},
  publisher={Radiological Society of North America, Inc.}
}

@misc{GiveW59:online,
author = {{GiveWell}},
title = {GiveWell's Cost-Effectiveness Analyses | GiveWell},
howpublished = {\url{http://www.givewell.org/international/technical/criteria/cost-effectiveness/cost-effectiveness-models}},
month = {},
year = {2015},
note = {(Accessed on 04/14/2016)}
}

@article{brodeur2016star,
  title={Star wars: The empirics strike back},
  author={Brodeur, Abel and L{\'e}, Mathias and Sangnier, Marc and Zylberberg, Yanos},
  journal={American Economic Journal: Applied Economics},
  volume={8},
  number={1},
  pages={1--32},
  year={2016},
  publisher={American Economic Association}
}

@article{gerber2008statistical,
  title={Do statistical reporting standards affect what is published? Publication bias in two leading political science journals},
  author={Gerber, Alan and Malhotra, Neil and others},
  journal={Quarterly Journal of Political Science},
  volume={3},
  number={3},
  pages={313--326},
  year={2008},
  publisher={Citeseer}
}


@article{franco2014publication,
  title={Publication bias in the social sciences: Unlocking the file drawer},
  author={Franco, Annie and Malhotra, Neil and Simonovits, Gabor},
  journal={Science},
  volume={345},
  number={6203},
  pages={1502--1505},
  year={2014},
  publisher={American Association for the Advancement of Science}
}


@article{ramos2012role,
  title={{\red The Role of Value-of-Information Analysis in a Health Care Research Priority Setting A Theoretical Case Study}},
  author={Ramos, Isaac Corro and Rutten-van M{\"o}lken, Maureen PMH and Al, Maiwenn J},
  journal={Medical Decision Making},
  pages={0272989X12468616},
  year={2012},
  publisher={SAGE Publications}
}

@article{rothstein2015teacher,
  title={Teacher Quality Policy When Supply Matters},
  author={Rothstein, Jesse},
  journal={American Economic Review},
  volume={105},
  number={1},
  pages={100--130},
  year={2015},
  publisher={American Economic Association}
}


@article{carlson2013value,
  title={Value-of-information analysis within a stakeholder-driven research prioritization process in a US setting: an application in cancer genomics},
  author={Carlson, Josh J and Thariani, Rahber and Roth, Josh and Gralow, Julie and Henry, N Lynn and Esmail, Laura and Deverka, Pat and Ramsey, Scott D and Baker, Laurence and Veenstra, David L},
  journal={Medical Decision Making},
  volume={33},
  number={4},
  pages={463--471},
  year={2013},
  publisher={SAGE Publications}
}

@article{snilstveit2013evidence,
  title={ Evidence gap maps--a tool for promoting evidence-informed policy and prioritizing future research},
  author={Snilstveit, Birte and Vojtkova, Martina and Bhavsar, Ami and Gaarder, Marie},
  journal={World Bank Policy Research Working Paper},
  number={6725},
  year={2013}
}

@techreport{giotis2015there,
  title={Is there publication selection bias in minimum wage research during the five-year period from 2010 to 2014?},
  author={Giotis, Georgios and Chletsos, Michael},
  year={2015},
  institution={Economics Discussion Papers}
}

@article{NICE_UK,
author = {Kerr, Marion and Bedford, Michael and Matthews, Beverley and O'Donoghue, Donal},
title = {The economic impact of acute kidney injury in England},
journal = {Nephrology Dialysis Transplantation},
volume = {29},
number = {7},
pages = {1362},
year = {2014},
doi = {10.1093/ndt/gfu016},
URL = { + http://dx.doi.org/10.1093/ndt/gfu016},
eprint = {/oup/backfile/Content_public/Journal/ndt/29/7/10.1093_ndt_gfu016/3/gfu016.pdf}
}

@misc{elmendorf2014effects,
  title={The effects of a minimum-wage increase on employment and family income},
  year={2014},
  author={{US Congressional Budget Office}}
}

@book{tetlock2015superforecasting,
  title={Superforecasting: The art and science of prediction},
  author={Tetlock, Philip and Gardner, Dan},
  year={2015},
  publisher={Random House}
}

@misc{CRC2015,
  title={Evaluating the Benefits and Harms of Colorectal
Cancer Screening Strategies: A Collaborative
Modeling Approach},
  year={2015},
  author={{Agency for Healthcare Research and Quality}}	
}

@misc{GiveWell,
author = {{GiveWell}},
title = {Against Malaria Foundation},
howpublished = {\url{http://www.givewell.org/international/top-charities/amf/}},
year = {2016},
note = {(Visited on 03/08/2016)}
}

@article{knuth1992literate,
  title={Literate programming},
  author={Knuth, Donald E},
  journal={CSLI Lecture Notes, Stanford, CA: Center for the Study of Language and Information (CSLI), 1992},
  volume={1},
  year={1992}
}



@article{chang2015economics,
  title={Is Economics Research Replicable? Sixty Published Papers from Thirteen Journals Say'Usually Not'},
  author={Chang, Andrew C and Li, Phillip},
  year={2015}
}